%%% ULTIMA ATUALIZACAO: 06 de setembro de 2022 as 00h14min

%-------------------------------------------------------------
% 
% REFERENCIAS DE ARTIGOS
%
%-------------------------------------------------------------
@inproceedings{Abou-Elela2013,
  author    = {Hosam Abou-Elela and Ahmed Ibrahim and Osama Mohamed Kamal Mohamed Mahmoud and Osama ElFarouk Abdel-Hamid},
  title     = {Ballistic Analysis of a Projectile Provided with Base Bleed Unit},
  booktitle = {International Conference on Aerospace Sciences \& Aviation Technology},
  edition   = {15},
  key       = {Cairo},
  type      = {intl},
  address   = {Cairo, Egito},
  publisher = {Military Technical College},
  url       = {https://asat.journals.ekb.eg/article_22270_3367f3fe4aaf5352ba793eb772bcda01.pdf},
  note      = {10 fev. de 2022},
  pages     = {1--22},
  year      = {2013}
}

@book{anderson_modern_2002,
  author    = {John D. Anderson},
  title     = {Modern Compressible Flow: With Historical Perspective},
  edition   = {3},
  publisher = {McGraw-Hill Education},
  pages     = {784},
  year      = {2002}
}

@article{Anderson1994,
  author    = {W. Kyle Anderson and Daryl L. Bonhaus},
  journal   = {Computers Fluids},
  number    = {1},
  pages     = {1--21},
  title     = {An implicit upwind algorithm for computing turbulent flows on unstructured grids},
  volume    = {23},
  publisher = {Elsevier},
  url       = {https://ntrs.nasa.gov/api/citations/20040112057/downloads/20040112057.pdf},
  doi       = {https://www.sciencedirect.com/science/article/abs/pii/004579309490023X},
  year      = {1994}
}

@article{Andersson1976,
  author    = {Andersson, K. and Gunners, N. and Hellgren, R.},
  title     = {"Swedish Base Bleed" – increasing the range of artillery projectiles through base flow},
  journal   = {Propellants, Explosives, Pyrotechnics},
  number    = {},
  volume    = {1},
  pages     = {69 - 73},
  publisher = {Wiley Online Library},
  url       = {https://doi.org/10.1002/prep.19760010402},
  year      = {1976}
}

@phdthesis{Asproulias2014,
  author  = {Ioannis Asproulias},
  title   = {RANS Modelling for Compressible Turbulent Flows Involving Shock Wave Boundary Layer Interactions},
  pages   = {214},
  series  = {Doctor of Philosophy in Mechanical Aerospace Engineering},
  school  = {University of Manchester},
  address = {Manchester, UK},
  year    = {2014},
  doi     = {10.13140/RG.2.2.18091.23840}
}

@article{balon2006analysis,
  author  = {Rastilav Balon and Jan Komenda},
  journal = {Advances in Military Technology},
  number  = {1},
  pages   = {91--114},
  title   = {Analysis of the 155-mm ERFB/BB projectile trajectory},
  volume  = {1},
  url     = {https://www.aimt.cz/index.php/aimt/article/view/1718},
  issn    = {1802-2308},
  year    = {2006}
}

@article{Baranowski2013-1,
  author  = {Leszek Baranowski},
  journal = {Journal of Theoretical and Applied Mechanics},
  number  = {1},
  pages   = {235--246},
  title   = {Equations of Motion of a Spin-Stabilized Projectile for Flight Stability Testing},
  volume  = {51},
  url     = {http://www.ptmts.org.pl/jtam/index.php/jtam/article/view/v51n1p235},
  issn    = {1429-2955},
  doi     = {},
  month   = {November},
  year    = {2013},
  access  = {09 Oct. 2022}
}

@article{Baranowski2013-2,
  author  = {Leszek Baranowski},
  journal = {Journal of Theoretical and Applied Mechanics},
  number  = {2},
  pages   = {375--385},
  title   = {Numerical Testing of Flight Stability of Spin-Stabilized Artillery Projectiles},
  volume  = {51},
  url     = {http://www.ptmts.org.pl/jtam/index.php/jtam/article/view/v51n2p375},
  issn    = {1429-2955},
  doi     = {},
  month   = {November},
  year    = {2013},
  access  = {09 Oct. 2022}
}

@article{Baranowski2013-3,
  author  = {Leszek Baranowski},
  journal = {Journal of Theoretical and Applied Mechanics},
  number  = {3},
  pages   = {511--522},
  title   = {Feasibility analysis of the modified point mass trajectory model for the need of ground artillery fire control systems},
  volume  = {51},
  url     = {http://www.ptmts.org.pl/jtam/index.php/jtam/article/view/v51n3p511},
  issn    = {1429-2955},
  doi     = {},
  month   = {August},
  year    = {2013},
  access  = {09 Oct. 2022}
}

@article{Baranowski2016-1,
  author  = {Leszek Baranowski and Błażej Gadomski and Przemysław Majewski and Jacek Szymonik},
  journal = {Journal of Theoretical and Applied Mechanics},
  number  = {4},
  pages   = {1183--1195},
  title   = {Comparison of explicit and implicit forms of the modified point mass trajectory model},
  volume  = {54},
  url     = {http://www.ptmts.org.pl/jtam/index.php/jtam/article/view/3775},
  issn    = {1429-2955},
  doi     = {10.15632/jtam-pl.54.4.1183},
  year    = {2016}
}

@article{Baranowski2016-2,
  author  = {Leszek Baranowski and Błażej Gadomski and Przemysław Majewski and Jacek Szymonik},
  journal = {Bulletin of the Polish Academy of Sciences Technical Sciences},
  number  = {1},
  pages   = {81--89},
  title   = {Explicit "ballistic M-model": A refinement of the implicit "modified point mass trajectory model"},
  volume  = {64},
  doi     = {10.1515/bpasts-2016-0010},
  issn    = {2300-1917},
  year    = {2016}
}

@article{belaidouni2016,
  author  = {Habib Belaidouni and Sasa Zivkovic and Marija Samardzic},
  journal = {Scientific Technical Review},
  number  = {2},
  pages   = {36--42},
  title   = {Numerical simulations in obtaining drag reduction for projectile with base bleed},
  volume  = {66},
  doi     = {10.5937/STR1602036B},
  year    = {2016}
}

@article{Bourdon2003Feb,
  author    = {Christopher J. Bourdon and J. Craig Dutton},
  journal   = {Physics of Fluids},
  number    = {2},
  pages     = {499--510},
  title     = {Visualization of a central bleed jet in an axisymmetric, compressible base flow},
  volume    = {15},
  issn      = {1070-6631},
  publisher = {American Institute of Physics},
  doi       = {10.1063/1.1531995},
  year      = {2003}
}

@book{Carlucci2018,
  author    = {Donald E. Carlucci and Sidney S. Jacobson},
  title     = {Ballistics: Theory and Design of Guns and Ammunition},
  edition   = {3},
  address   = {Boca Raton, Florida, United States of America},
  publisher = {CRC Press Taylor \& Francis Group},
  pages     = {654},
  year      = {2018}
}

@article{Cazalbou1994,
  author    = {Cazalbou,J. B.  and Spalart,P. R.  and Bradshaw,P. },
  journal   = {Physics of Fluids},
  number    = {5},
  pages     = {1797--1804},
  title     = {On the behavior of two‐equation models at the edge of a turbulent region},
  volume    = {6},
  publisher = {AIP Publishing LLC.},
  url       = {https://doi.org/10.1063/1.868241},
  note      = {15 de nov. 2021},
  year      = {1994}
}

@article{Chorin68,
  author  = {Alexandre Joel Chorin},
  title   = {Numerical Solutions of the Navier-Stokes Equations},
  journal = {Mathematcs of Computation},
  number  = {104},
  volume  = {22},
  pages   = {18},
  year    = {1968}
}

@article{Dali2018a,
  author  = {Dali, Mohammed Amin and Jaramaz, Slobodan},
  journal = {Thermal Science},
  number  = {01},
  pages   = {353--364},
  title   = {Optimization of artillery projectiles base drag reduction using hot base flow},
  volume  = {23},
  url     = {http://www.doiserbia.nb.rs/Article.aspx?id=0354-98361800210D#.YxIKTHbMLrc},
  year    = {2018}
}

@inproceedings{Dali2018b,
  author    = {Mohammed Amin Dali and Slobodan Jaramaz},
  title     = {Various methods of artillery projectiles base drag reduction},
  booktitle = {International Scientific Conference on Defensive Technologie},
  edition   = {8},
  key       = {Belgrade},
  type      = {intl},
  address   = {Belgrado, S\'ervia},
  publisher = {OTEH Defensive Technologies},
  url       = {https://www.researchgate.net/publication/329522542_VARIOUS_METHODS_OF_ARTILLERY_PROJECTILES_BASE_DRAG_REDUCTION},
  note      = {04 set. 2022},
  pages     = {6},
  year      = {2018}
}

@article{Damljanovic2021,
  author  = {Dijana Damljanovic and Goran Ocokoljic and Miograd Lisov and Danilo Durdevac},
  journal = {Scientific Technical Review},
  number  = {2},
  pages   = {19--25},
  title   = {Wind Tunnel Verification of Base-Bleed Effects on Aerodynamic Characteristics of an Axi-Symmetric Projectile},
  volume  = {71},
  doi     = {doi:10.5937/str2102019D},
  year    = {2021}
}

@article{Danberg1992,
  author    = {James E. Danberg and Charles J. Nietubicz},
  journal   = {Journal of Spacecraft and Rockets},
  number    = {3},
  pages     = {366--372},
  title     = {Predicted flight performance of base-bleed projectiles},
  volume    = {29},
  publisher = {AIAA},
  url       = {https://doi.org/10.2514/3.26360},
  year      = {1992}
}

@inbook{DAVENAS1993329,
  author    = {Alain Davenas},
  title     = {CHAPTER 8: The Main Families and Use of Solid Propellants},
  editor    = {Alain Davenas},
  booktitle = {Solid Rocket Propulsion Technology},
  publisher = {Pergamon},
  address   = {Amsterdam},
  pages     = {329-367},
  year      = {1993},
  isbn      = {978-0-08-040999-3},
  doi       = {https://doi.org/10.1016/B978-0-08-040999-3.50013-8},
  url       = {https://www.sciencedirect.com/science/article/pii/B9780080409993500138}
}

@book{Ferziger&Peric2020,
  author    = {Joel H. Ferziger and Milovan Perić and Robert L. Street},
  title     = {Computational Methods for Fluid Dynamics},
  edition   = {4},
  address   = {Switzerland},
  publisher = {Spring Cham},
  pages     = {596},
  year      = {2020}
}

@book{fluent2021ansys,
  title     = {Ansys® Academic Research Fluent, Help System, Fluent Theory Guide},
  edition   = {Release 2021R2},
  address   = {USA},
  publisher = {Ansys Inc.},
  pages     = {1024},
  year      = {2021}
}

@book{Gatski2013,
  author    = {Thomas B. Gatski and Jean-Paul Bonnet},
  title     = {Compressibility, Turbulence and High Speed Flow (Second Edition)},
  edition   = {2},
  address   = {Oxford},
  publisher = {Academic Press},
  pages     = {315},
  year      = {2013}
}

@article{Gauchoux1991,
  author  = {Jacques Gauchoux and Dominique Coupez and Max Lecoustre},
  title   = {Base Bleed Solid Propellant - Properties and Processibility for Industrial Solid Propellant},
  journal = {International Symposium on Special Topics in Chemical Propulsion},
  number  = {1-6},
  volume  = {1},
  pages   = {19--31},
  issn    = {2150-766X},
  url     = {https://doi.org/10.1615/IntJEnergeticMaterialsChemProp.v1.i1-6.30},
  year    = {1991}
}

@inproceedings{Gil2020,
  author    = {Gil Roberto Vieira Pinheiro and Rachel Manhaes de Lucena and Norberto Mangiavacchi and Jos\'e da Rocha Miranda Pontes and Daniel Chalhub and Wallace Ramos Rosendo da Silva and Leib Neubarth and Maurício Ferrapontoff Lemos and Laurílio Silva Junior},
  title     = {Simulation and Static Tests of Base Bleed Gas Generators},
  booktitle = {Brazilian Congress of Thermal Sciences and Engineering},
  edition   = {18},
  key       = {Bento Gon{\c c}alves},
  type      = {br},
  address   = {Bento Gon{\c c}alves, RS, Brasil},
  publisher = {ABCM},
  url       = {https://abcm.org.br/proceedings/view/CIT20/0626},
  doi       = {10.26678/ABCM.ENCIT2020.CIT20-0626},
  note      = {04 set. 2022},
  pages     = {5},
  year      = {2020}
}

@article{Gunners1988,
  author  = {N E Gunners and K Andersson and R Hellgren},
  title   = {Base Bleed Systems for Gun Projectiles},
  journal = {1st International Symposium on Special Topics in Chemical Propulsion},
  number  = {16},
  volume  = {109},
  pages   = {537--562},
  year    = {1988}
}

@article{Hutchinson1986,
  author    = {B. R. Hutchinson and G. D. Raithby},
  title     = {A Multigrid Method Based on the Additive Correction Strategy},
  journal   = {Numerical Heat Transfer},
  number    = {5},
  volume    = {9},
  pages     = {511-537},
  publisher = {Taylor \& Francis},
  url       = {https://doi.org/10.1080/10407788608913491},
  year      = {1986}
}

@manual{international1993manual,
  address       = {Illinois, Chicago, USA},
  date-added    = {2021-07-07 22:45:08 -0300},
  date-modified = {2021-07-07 23:35:15 -0300},
  month         = {jan.},
  org-short     = {ICAO},
  organization  = {International Civil Aviation Organization},
  pages         = {304},
  title         = {Manual of the ICAO Standard Atmosphere: Extended to 80 Kilometres (262 500 Feet)},
  year          = {1993}
}

@phdthesis{Jelic2016Aug,
  author  = {Zoran Jelić},
  title   = {Optimisation of design parameters for modular range enhanced projectile},
  pages   = {303},
  series  = {Doctor of Philosophy in Aerospace Engineering},
  school  = {Cranfield University},
  address = {Cranfield, UK},
  url     = {https://dspace.lib.cranfield.ac.uk/handle/1826/10260},
  year    = {2016}
}

@article{JONES1972301,
  author    = {W.P Jones and Brian E. Launder},
  title     = {The prediction of laminarization with a two-equation model of turbulence},
  journal   = {International Journal of Heat and Mass Transfer},
  number    = {2},
  volume    = {15},
  pages     = {301-314},
  publisher = {Pergamon Press},
  issn      = {0017-9310},
  doi       = {https://doi.org/10.1016/0017-9310(72)90076-2},
  url       = {https://www.sciencedirect.com/science/article/pii/0017931072900762},
  year      = {1972}
}

@article{Kauri1997,
  author    = {Petri Kaurinkoski and Antti Hellsten},
  journal   = {Journal of Spacecraft and Rockets},
  number    = {5},
  pages     = {602--611},
  title     = {Numerical Simulation of a Supersonic Base-Bleed Projectile with Improved Turbulence Modeling},
  volume    = {35},
  publisher = {AIAA},
  url       = {https://doi.org/10.2514/2.3392},
  year      = {1998}
}

@article{launder1974,
  author    = {Brian E. Launder and B. I. Sharma},
  title     = {Application of the energy-dissipation model of flow near a spinning disc},
  journal   = {Letters in Heat Mass Transfer},
  number    = {},
  volume    = {1},
  pages     = {131-138},
  publisher = {Pergamon Press},
  url       = {https://doi.org/10.1016/0094-4548(74)90150-7},
  year      = {1974}
}

@article{LAUNDER1974269,
  author    = {Brian E. Launder and D. B. Spalding},
  title     = {The numerical computation of turbulent flows},
  journal   = {Computer Methods in Applied Mechanics and Engineering},
  number    = {2},
  volume    = {3},
  pages     = {269-289},
  publisher = {North-Holland Publishing Company},
  issn      = {0045-7825},
  doi       = {https://doi.org/10.1016/0045-7825(74)90029-2},
  url       = {https://www.sciencedirect.com/science/article/pii/0045782574900292},
  year      = {1974}
}

@article{Lee2006Sep,
  author  = {Yong-Ki Lee and Hyung-Do Kim},
  journal = {Journal of Thermal Sciences},
  number  = {3},
  pages   = {206-212},
  title   = {Optimization of mass bleed control for base drag reduction of supersonic flight bodies},
  volume  = {15},
  doi     = {https://doi.org/10.1007/s11630-006-0206-4},
  year    = {2006}
}

@article{Leonard1979,
  author    = {Leonard, B. P.},
  title     = {A stable and accurate convective modelling procedure based on quadratic upstream interpolation},
  journal   = {Computer Methods in Applied Mechanics and Engineering},
  number    = {1},
  volume    = {19},
  pages     = {59--98},
  publisher = {North-Holland Publishing Company},
  doi       = {10.1016/0045-7825(79)90034-3},
  url       = {https://www.sciencedirect.com/science/article/pii/0045782579900343},
  year      = {1979}
}

@article{Leonard1990,
  author  = {B P Leonard and S Mokhtari},
  title   = {ULTRA-SHARP Nonoscillatory Convection Schemes for High-Speed Steady Multidimensional Flow},
  journal = {NASA Technical Memorandum 102568 (ICOMP-90-12)},
  number  = {},
  volume  = {},
  pages   = {48},
  url     = {https://ntrs.nasa.gov/api/citations/19900012254/downloads/19900012254.pdf?attachment=true},
  year    = {1990}
}

@article{Lieske1966,
  author  = {R. Lieske and M. Reiter},
  title   = {Equations of Motion for a Modified Point Mass Trajectory},
  journal = {Ballistic Research Laboratories},
  number  = {1},
  volume  = {1},
  pages   = {24},
  year    = {1966}
}

@thesis{Lim2016,
  author  = {Wee Yeow Lim},
  title   = {Predicting the Accuracy of Unguided Artillery Projectiles},
  pages   = {113},
  type    = {Master of Science in Mechanical Engineering},
  school  = {Naval Postgraduate School},
  address = {Monterey, Califórnia, USA},
  url     = {http://hdl.handle.net/10945/50581},
  note    = {10 ago. de 2022},
  year    = {2016}
}

@inproceedings{Lucena2020,
  author    = {Rachel Manhaes de Lucena and Norberto Mangiavacchi and Jos\'e da Rocha Miranda Pontes and Daniel Chalhub and Gil Roberto Vieira Pinheiro and Wallace Ramos Rosendo da Silva and Leib Neubarth and Maurício Ferrapontoff Lemos and Laurílio Silva Junior},
  title     = {Numerical Aerodynamic Simulation of an Artillery Projectile with a Base Bleed System},
  booktitle = {Brazilian Congress of Thermal Sciences and Engineering},
  edition   = {18},
  key       = {Bento Gon{\c c}alves},
  type      = {br},
  address   = {Bento Gon{\c c}alves, RS, Brasil},
  publisher = {ABCM},
  url       = {https://abcm.org.br/proceedings/view/CIT20/0617},
  doi       = {10.26678/ABCM.ENCIT2020.CIT20-0617},
  note      = {04 set. 2022},
  pages     = {7},
  year      = {2020}
}

@inproceedings{MacComarck&Paulay1972,
  author    = {Robert W. MacComarck and Alvin J. Paullay},
  title     = {Computational efficiency achieved by time splitting of finite difference operators},
  booktitle = {Aerospace Sciences Meeting},
  edition   = {10},
  key       = {San Diego},
  type      = {intl},
  address   = {San Diego, CA, USA},
  publisher = {AIAA},
  url       = {https://arc.aiaa.org/doi/abs/10.2514/6.1972-154},
  doi       = {10.2514/6.1972-154},
  pages     = {8},
  year      = {1972}
}

@inproceedings{Mahmoud2009,
  author    = {Osama Mohamed Kamal Mohamed Mahmoud and Mohamed Allaa Yousef Suliman and M.A Al-Sanabawy and Osama ElFarouk Abdel-Hamid},
  title     = {Computational investigation of base drag reduction for a projectile at different flight regimes},
  booktitle = {International Conference on Aerospace Sciences \& Aviation Technology},
  edition   = {13},
  key       = {Cairo},
  type      = {intl},
  address   = {Cairo, Egito},
  publisher = {Military Technical College},
  url       = {https://asat.journals.ekb.eg/article_22270_3367f3fe4aaf5352ba793eb772bcda01.pdf},
  note      = {25 jun. de 2021},
  pages     = {14},
  year      = {2009}
}

@book{malalasekera2007,
  author    = {Henk Versteeg and Weeratunge Malalasekera},
  title     = {Introduction to Computational Fluid Dynamics, An: The Finite Volume Method},
  edition   = {2},
  address   = {Loughborough University, UK},
  publisher = {Pearson Prentice-Hall},
  pages     = {517},
  year      = {2007}
}

@article{Mathur&Dutton1996,
  author    = {Tarun Mathur and J. Craig Dutton},
  journal   = {AIAA Journal},
  number    = {6},
  pages     = {1153--1159},
  title     = {Velocity and turbulence measurements in a supersonic base flow with mass bleed},
  volume    = {34},
  publisher = {AIAA},
  url       = {https://doi.org/10.2514/3.13206},
  year      = {1996}
}

%-------------------------------------------------------------
% 
% REFERENCIAS DE ARTIGOS EM ANAIS E CONGRESSOS DE ACESSO ELETRÔNICO
%
%-------------------------------------------------------------
@book{McCoy2012,
  author    = {Robert McCoy},
  title     = {Modern Exterior Ballistics: The Launch and Flight Dynamics of Symmetric Projectiles},
  edition   = {2},
  address   = {Atglen, USA},
  publisher = {Schiffer Publishing},
  pages     = {328},
  year      = {2012}
}

@inproceedings{McDonald1971,
  author    = {McDonald, P. W.},
  title     = {The Computation of Transonic Flow Through Two-Dimensional Gas Turbine Cascades},
  booktitle = {ASME 1971 International Gas Turbine Conference and Products Show},
  edition   = {1},
  series    = {Turbo Expo: Power for Land, Sea, and Air},
  number    = {1},
  key       = {Houston},
  type      = {intl},
  address   = {Houston, Texas, USA},
  publisher = {ASME Digital Collection},
  doi       = {10.1115/71-GT-89},
  url       = {https://asmedigitalcollection.asme.org/GT/proceedings-pdf/GT1971/79825/V001T01A089/2390644/v001t01a089-71-gt-89.pdf},
  pages     = {7},
  year      = {1971}
}

@article{Menter1992,
  author    = {Florian R. Menter},
  journal   = {AIAA Journal},
  number    = {6},
  pages     = {1657--1659},
  title     = {Influence of freestream values on k-omega turbulence model predictions},
  volume    = {30},
  publisher = {AIAA},
  url       = {https://doi.org/10.2514/3.11115},
  year      = {1992}
}

@article{Menter1994TwoequationET,
  author    = {Florian R. Menter},
  journal   = {AIAA Journal},
  number    = {8},
  pages     = {1598--1605},
  title     = {Two-equation eddy-viscosity turbulence models for engineering applications},
  volume    = {32},
  publisher = {AIAA},
  url       = {https://doi.org/10.2514/3.12149},
  year      = {1994}
}

@article{Menter2003,
  author    = {Menter, Florian and Kuntz, M. and Langtry, RB},
  journal   = {Heat and Mass Transfer},
  number    = {},
  pages     = {625--632},
  title     = {Ten years of industrial experience with the SST turbulence model},
  volume    = {4},
  publisher = {Springer Nature},
  issn      = {1432-1181},
  month     = {1},
  year      = {2003}
}

@article{Menter2009,
  author  = {Florian R. Menter},
  journal = {International Journal of Computational Fluid Dynamics},
  number  = {4},
  pages   = {305-316},
  title   = {Review of the shear-stress transport turbulence model experience from an industrial perspective},
  volume  = {23},
  doi     = {http://dx.doi.org/10.1080/10618560902773387},
  year    = {2009}
}

@book{Moukalled2015,
  author    = {Fadl Moukalled and Luca Mangani and Marwan Darwish},
  title     = {The Finite Volume Method in Computational Fluid Dynamics: An Advanced Introduction with OpenFOAM® and Matlab®},
  edition   = {1},
  address   = {Beirute, Líbano},
  publisher = {Springer Cham},
  pages     = {791},
  year      = {2015}
}

@article{nicolas-perez_accuracy_2017,
  author  = {Francisco Nicol\'as-P\'erez and Francisco Javier S\'anchez Velasco Velasco and Jos\'e Ram\'on Garc\'ia-Cascales and Ramon A. Ot\'on-Mart\'inez and Alejandro Lopez-Belchi and Domingo Moratilla and F. Rey and A. Laso},
  journal = {Aerospace Science and Technology},
  number  = {},
  pages   = {126--140},
  title   = {On the accuracy of {RANS}, {DES} and {LES} turbulence models for predicting drag reduction with {Base} {Bleed} technology},
  volume  = {67},
  issn    = {1270-9638},
  url     = {https://www.sciencedirect.com/science/article/pii/S1270963816302577},
  doi     = {https://doi.org/10.1016/j.ast.2017.03.031},
  year    = {2017}
}

@article{PhysRevFluids.6.024604,
  title     = {Three-dimensional flow structure in an axisymmetric separated/reattaching supersonic flow},
  author    = {Kirchner, Branden M. and Elliott, Gregory S. and Dutton, J. Craig},
  journal   = {Phys. Rev. Fluids},
  volume    = {6},
  issue     = {2},
  pages     = {024604},
  numpages  = {30},
  year      = {2021},
  month     = {Feb},
  publisher = {American Physical Society},
  doi       = {10.1103/PhysRevFluids.6.024604},
  url       = {https://link.aps.org/doi/10.1103/PhysRevFluids.6.024604}
}

@book{pope_2000,
  author    = {Stephen B. Pope},
  title     = {Turbulent Flows},
  edition   = {1},
  address   = {Cambridge},
  publisher = {Cambridge University Press},
  pages     = {802},
  year      = {2000}
}

@article{Reddy2021,
  author  = {D Siva Krishna Reddy and Prashant Kumar Sah and Ashish Sharma},
  journal = {Journal of Physics: Conference Series},
  number  = {1},
  pages   = {012--013},
  title   = {Prediction of Drag Coefficient of a Base Bleed Artillery Projectile at Supersonic Mach number},
  volume  = {2054},
  url     = {https://doi.org/10.1088/1742-6596/2054/1/012013},
  year    = {2021}
}

@inproceedings{rezende2007prediction,
  author    = {Andr\'e Luiz Ten\'orio Rezende and Angela Ourivio Nieckele},
  title     = {Prediction of the Flow Over a Thin Flat Plate at Shallow Incidence},
  booktitle = {International Congress of Mechanical Engineering - COBEM},
  edition   = {19},
  key       = {Brasília},
  type      = {br},
  address   = {Brasília, DF, Brasil},
  publisher = {ABCM},
  url       = {https://abcm.org.br/anais/cobem/2007/pdf/COBEM2007-0433.pdf},
  note      = {12 dez. de 2021},
  pages     = {10},
  year      = {2007}
}

%% ALTERAR ESSE AQUI PARA O PADRAO ABNT 
@phdthesis{Rezende2009,
  author  = {Andr\'e Luiz Ten\'orio Rezende},
  title   = {Numerical Investigation of the Turbulent Flow Separation Bubble Over Inclined Thin Flat Plate},
  pages   = {263},
  series  = {Doutorado em Engenharia Mecânica},
  school  = {Pontifícia Universidade Cat\'olica do Rio de Janeiro},
  address = {Rio de Janeiro},
  year    = {2009}
}

%-------------------------------------------------------------
% 
% REFERENCIAS DE DISSERTACOES DE MESTRADO (ORDEM CRONOLÓGICA)
%
%-------------------------------------------------------------

@inproceedings{rezende2009evaluation,
  author    = {Andr\'e Luiz Ten\'orio Rezende and Angela Ourivio Nieckele},
  title     = {Evaluation of turbulence models to predict the edge separation bubble over a thin aerofoil},
  booktitle = {International Congress of Mechanical Engineering - COBEM},
  edition   = {20},
  key       = {Gramado},
  type      = {br},
  address   = {Gramado, RS, Brasil},
  publisher = {ABCM},
  url       = {https://www.abcm.org.br/anais/cobem/2009/pdf/COB09-3138.pdf},
  note      = {10 fev. de 2022},
  pages     = {10},
  year      = {2009}
}

@article{roe1986,
  author  = {Roe, P L},
  title   = {Characteristic-Based Schemes for the Euler Equations},
  journal = {Annual Review of Fluid Mechanics},
  number  = {1},
  volume  = {18},
  pages   = {337-365},
  url     = {https://doi.org/10.1146/annurev.fl.18.010186.002005},
  year    = {1986}
}

@inproceedings{Rosendo2020,
  author    = {Wallace Ramos Rosendo da Silva and Rachel Manhaes de Lucena and Norberto Mangiavacchi and Jos\'e da Rocha Miranda Pontes and Daniel Chalhub and Gil Roberto Vieira Pinheiro and Leib Neubarth and Maurício Ferrapontoff Lemos and Laurílio Silva Junior},
  title     = {Numerical Solutions for a Ballistic Trajectory with Drag Reduction provided by a Base Bleed Unit},
  booktitle = {Brazilian Congress of Thermal Sciences and Engineering},
  edition   = {18},
  key       = {Bento Gon{\c c}alves},
  type      = {br},
  address   = {Bento Gon{\c c}alves, RS, Brasil},
  publisher = {ABCM},
  url       = {https://abcm.org.br/proceedings/view/CIT20/0600},
  doi       = {10.26678/ABCM.ENCIT2020.CIT20-0600},
  note      = {04 set. 2022},
  pages     = {7},
  year      = {2020}
}

%-------------------------------------------------------------
% 
% REFERENCIAS DE TESES DE DOUTORADO (ORDEM CRONOLÓGICA)
%
%-------------------------------------------------------------

@book{ruggiero1996calculo,
  author    = {M\'arcia A. Gomes Ruggiero and Vera Lúcia da Rocha Lopes},
  title     = {C\'alculo num\'erico: aspectos te\'oricos e computacionais},
  edition   = {2},
  address   = {Campinas, São Paulo},
  publisher = {Pearson Makron Books},
  year      = {1997}
}

@article{Sahu1985,
  author  = {Sahu, Jubaraj and Nietubicz, Charles J. and Steger, Joseph L.},
  title   = {Navier-Stokes computations of projectile base flow with and without mass injection},
  journal = {AIAA Journal},
  number  = {9},
  pages   = {1348--1355},
  volume  = {23},
  url     = {https://doi.org/10.2514/3.9091},
  year    = {1985}
}

@article{Sahu1997,
  author    = {Jubaraj Sahu and Karen R. Heavey},
  journal   = {AIAA Journal},
  number    = {1},
  pages     = {62--69},
  title     = {Numerical Investigation of Supersonic Base Flow with Base Bleed},
  volume    = {34},
  publisher = {AIAA},
  url       = {https://doi.org/10.2514/2.3173},
  year      = {1997}
}

%-------------------------------------------------------------
% 
% REFERENCIAS DE PARTES DE LIVROS (ORDEM CRONOLOGICA)
%
%-------------------------------------------------------------
@book{Sal2019,
  author    = {Sal Rodriguez},
  title     = {Applied Computational Fluid Dynamics and Turbulence Modeling: Practical Tools, Tips and Techniques},
  edition   = {1},
  address   = {Albuquerque, USA},
  publisher = {Springer Cham},
  pages     = {306},
  year      = {2019}
}

@book{Sedney1966,
  author    = {Raymond Sedney},
  title     = {Review of base drag},
  address   = {Aberdeen, Maryland, USA},
  publisher = {U.S. Army Ballistic Research Laboratories Aberdeen Proving Ground},
  pages     = {50},
  year      = {1966}
}

%-------------------------------------------------------------
% 
% REFERENCIAS DE LIVROS (ORDEM CRONOLOGICA)
%
%-------------------------------------------------------------
@inbook{SilveiraNeto2002,
  author    = {Aristeu da Silveira Neto},
  title     = {Fundamentos da Turbulência nos Fluidos},
  editor    = {\'atila P. Silva Freire and Philippe P. Menut and Jian Su},
  booktitle = {Cole{\c c}ão Cadernos de Turbulência},
  address   = {Rio de Janeiro},
  publisher = {ABCM},
  volume    = {1},
  chapter   = {1},
  pages     = {1--48},
  year      = {2002}
}

@thesis{Skande2014,
  author  = {Martin Skande},
  title   = {Numerical Solution to a nonlinear external ballistics model for a direct fire control system},
  pages   = {78},
  type    = {Master of Science},
  school  = {KTH Vetenstap Och Konst},
  address = {Stockholm, Sweden},
  url     = {https://www.diva-portal.org/smash/get/diva2:767625/FULLTEXT01.pdf},
  note    = {01 set. de 2022},
  year    = {2014}
}

@thesis{Sor2012Nov,
  author  = {Wei Lun Sor},
  title   = {Aerodynamic Validation of Emerging Projectile Configurations},
  pages   = {85},
  type    = {Master of Science in Mechanical Engineering},
  school  = {Naval Postgraduate School},
  address = {Monterey, California},
  url     = {https://calhoun.nps.edu/handle/10945/14852?show=full},
  note    = {01 set. de 2022},
  year    = {2012}
}

@article{Souza2011,
  author  = {Jos\'e Francisco Almeida de Souza and Leopoldo Rota de Oliveira and Jos\'e Luiz Lima de Azevedo and Ivan Dias Soares and Maurício Magalhães Mata},
  journal = {Revista Brasileira de Geofísica (online)},
  number  = {1},
  pages   = {21--41},
  title   = {Uma revisão sobre a turbulência e sua modelagem},
  volume  = {29},
  issn    = {0102-261X},
  doi     = {https://doi.org/10.1590/S0102-261X2011000100002},
  year    = {2011}
}

@article{Spalart1992,
  author    = {Philippe Spalart and Steven Allmaras},
  title     = {A One-Equation Turbulence Model for Aerodynamic Flows},
  journal   = {30th Aerospace Sciences Meeting and Exhibit},
  number    = {8},
  pages     = {5--21},
  volume    = {439},
  publisher = {AIAA},
  url       = {https://doi.org/10.2514/6.1992-439},
  year      = {1992}
}

@inproceedings{Spalart2000,
  author    = {Philippe Spalart},
  title     = {Trends in turbulence treatments},
  booktitle = {Fluids 2000 Conference and Exhibit},
  edition   = {},
  key       = {Denver},
  type      = {intl},
  address   = {Denver, Colorado, USA},
  publisher = {AIAA},
  doi       = {10.2514/6.2000-2306},
  url       = {https://arc.aiaa.org/doi/abs/10.2514/6.2000-2306},
  eprint    = {https://arc.aiaa.org/doi/pdf/10.2514/6.2000-2306},
  pages     = {14},
  year      = {2000}
}

@manual{stanag4355,
  address      = {Washington DC, Estados Unidos da Am\'erica},
  org-short    = {OTAN},
  organization = {Organiza{\c c}\~ao do Tratado do Atl\^antico Norte},
  pages        = {95},
  title        = {The Lieske Modified Point Mass and Five Degrees of Freedom Trajectory Models - AOP-4355 EDITION A},
  edition      = {3},
  year         = {2009}
}

@inproceedings{Thallyo-ENCIT2022,
  author    = {Thallyo Yuri Caetano Pereira and Wallace Ramos Rosendo da Silva and André Luiz Tenório Rezende and Rubenildo Pithon Barros},
  title     = {Numerical study of artillery ammunition range increase using base bleed technology},
  booktitle = {Brazilian Congress of Thermal Sciences and Engineering},
  edition   = {19},
  key       = {Bento Gon{\c c}alves},
  type      = {br},
  address   = {Bento Gon{\c c}alves, RS, Brasil},
  publisher = {ABCM},
  url       = {https://abcm.org.br/proceedings/view/CIT22/0230},
  doi       = {10.26678/ABCM.ENCIT2022.CIT22-0230},
  note      = {23 dez. 2022},
  pages     = {7},
  year      = {2022}
}

@thesis{Thallyo2022,
  author  = {Thallyo Yuri Caetano Pereira},
  title   = {Estudo do aumento de alcance de munição com utilização de sistema propelente base bleed},
  pages   = {85},
  type    = {Iniciação à Pesquisa em Engenharia Mecânica},
  school  = {Instituto Militar de Engenharia},
  address = {Rio de Janeiro, Brasil},
  url     = {},
  note    = {23 dez. de 2022},
  year    = {2022}
}

@article{torangatti2basawaraj,
  author  = {Kiran Torangatti and Dr. Basawaraj},
  journal = {International Journal of Engineering Research and Reviews},
  number  = {3},
  pages   = {26--32},
  title   = {Drag Prediction and Validation of Standard M549 155mm Projectile},
  volume  = {2},
  issn    = {2348-697X},
  year    = {2014}
}

@article{Weiss1995PreconditioningAT,
  author    = {Jonathan M. Weiss and Joseph P. Maruszewski and Wayne A. Smith},
  journal   = {AIAA Journal},
  number    = {11},
  pages     = {2050--2057},
  title     = {Preconditioning Applied to Variable and Constant Density Flows},
  volume    = {33},
  publisher = {AIAA},
  url       = {https://doi.org/10.2514/3.12946},
  year      = {1995}
}

@inproceedings{Weiss1997IMPLICITSO,
  author    = {Jonathan M. Weiss and Joseph P. Maruszewski and Wayne Smith},
  title     = {Implicit Solution of the Navier-Stokes Equations on Unstructured Meshes},
  booktitle = {Computational Fluid Dynamics Conference},
  edition   = {13},
  key       = {Snowmass},
  type      = {intl},
  address   = {Snowmass Village, Colorado, USA},
  publisher = {AIAA},
  doi       = {doi/10.2514/6.1997-2103},
  url       = {https://arc.aiaa.org/doi/10.2514/6.1997-2103},
  pages     = {139--149},
  year      = {1997}
}

@inproceedings{Weiss1997IMPLICITSO,
  author    = {Jonathan M. Weiss and Joseph P. Maruszewski and Wayne Smith},
  title     = {Implicit Solution of the Navier-Stokes Equations on Unstructured Meshes},
  booktitle = {Computational Fluid Dynamics Conference},
  edition   = {13},
  key       = {Snowmass},
  type      = {intl},
  address   = {Snowmass Village, Colorado, USA},
  publisher = {AIAA},
  doi       = {doi/10.2514/6.1997-2103},
  url       = {https://arc.aiaa.org/doi/10.2514/6.1997-2103},
  pages     = {139--149},
  year      = {1997}
}

@article{Weiss1999ImplicitSO,
  author    = {Jonathan M. Weiss and Joseph P. Maruszewski and Wayne A. Smith},
  journal   = {AIAA Journal},
  number    = {1},
  pages     = {29--36},
  title     = {Implicit Solution of Preconditioned Navier- Stokes Equations Using Algebraic Multigrid},
  volume    = {37},
  publisher = {AIAA},
  url       = {https://doi.org/10.2514/2.689},
  year      = {1999}
}

@article{Wilcox1988ReassessmentOT,
  author  = {David C. Wilcox},
  title   = {Reassessment of the scale-determining equation for advanced turbulence models},
  journal = {AIAA Journal},
  number  = {11},
  pages   = {1299--1310},
  volume  = {26},
  url     = {https://doi.org/10.2514/3.10041},
  year    = {1988}
}

@book{Wilcox2006,
  author    = {David C. Wilcox},
  title     = {Turbulence Modeling for CFD},
  edition   = {3},
  address   = {La Cañada},
  publisher = {DCW Industries},
  pages     = {522},
  year      = {2006}
}

@article{Wilcox2008,
  author  = {Wilcox, David C.},
  title   = {Formulation of the k-w Turbulence Model Revisited},
  journal = {AIAA Journal},
  volume  = {46},
  number  = {11},
  pages   = {2823-2838},
  year    = {2008},
  doi     = {10.2514/1.36541},
  url     = {https://doi.org/10.2514/1.36541},
  eprint  = {https://doi.org/10.2514/1.36541}
}

@article{Xue2016Oct,
  author  = {Xiaochun Xue and Yonggang Yu},
  journal = {Applied Thermal Engineering},
  number  = {},
  pages   = {238--250},
  title   = {An improvement of the base bleed unit on base drag reduction and heat energy addition as well as mass addition},
  volume  = {109},
  issn    = {1359-4311},
  doi     = {10.1016/j.applthermaleng.2016.08.072},
  year    = {2016}
}